@online{GraphQL-Spec,
title={GraphQL Specification, October 2021 Edition},
year={2021},
month={10},
organization={GraphQL contributors},
url={https://spec.graphql.org/October2021/},
}

@online{Thinking-in-Resolvers-Blog,
title={GraphQL: Thinking in Resolvers},
year={2020},
month={10},
day={15},
author={Sebastien Lavoie-Courchesne},
url={https://lavoiecsh.github.io/technologies/2020/10/15/thinking-in-resolvers.html},
}

@online{Thinking-in-Resolvers-Slides,
title={GraphQL: Thinking in Resolvers},
year={2022},
month={2},
day={23},
author={Sebastien Lavoie-Courchesne},
eventtitle={Confoo 2022},
url={},
}